<record><leader>00000cas a2200000 a 4500</leader><controlfield tag="001">1554723</controlfield><controlfield tag="008">750817d18551883ohudn ne      0    0eng c</controlfield><datafield ind1=" " ind2=" " tag="010"><subfield code="a">sn 83045791 </subfield></datafield><datafield ind1=" " ind2=" " tag="040"><subfield code="a">MUL</subfield><subfield code="b">eng</subfield><subfield code="c">MUL</subfield><subfield code="d">NPW</subfield><subfield code="d">NPV</subfield><subfield code="d">NPA</subfield><subfield code="d">NPY</subfield><subfield code="d">DLC</subfield><subfield code="d">NPI</subfield><subfield code="d">NPX</subfield><subfield code="d">NPA</subfield><subfield code="d">YOX</subfield><subfield code="d">NPI</subfield><subfield code="d">ONP</subfield><subfield code="d">KNP</subfield><subfield code="d">ONP</subfield><subfield code="d">KNP</subfield><subfield code="d">MGN</subfield><subfield code="d">ONP</subfield><subfield code="d">CNK</subfield><subfield code="d">HUL</subfield><subfield code="d">NVF</subfield><subfield code="d">OCL</subfield><subfield code="d">CRL</subfield><subfield code="d">DLC</subfield><subfield code="d">CRL</subfield><subfield code="d">KRTAS</subfield><subfield code="d">DLC</subfield><subfield code="d">OCLCQ</subfield><subfield code="d">OCLCF</subfield><subfield code="d">CRL</subfield></datafield><datafield ind1=" " ind2=" " tag="042"><subfield code="a">pcc</subfield></datafield><datafield ind1=" " ind2=" " tag="043"><subfield code="a">n-us-oh</subfield></datafield><datafield ind1="0" ind2="0" tag="050"><subfield code="a">Newspaper</subfield></datafield><datafield ind1="0" ind2=" " tag="130"><subfield code="a">Cincinnati daily gazette (Cincinnati, Ohio : Large ed.)</subfield></datafield><datafield ind1="1" ind2="0" tag="245"><subfield code="a">Cincinnati daily gazette.</subfield></datafield><datafield ind1="1" ind2=" " tag="246"><subfield code="i">Published as:</subfield><subfield code="a">Daily Cincinnati gazette</subfield><subfield code="f">Sept. 3, 1856-Mar. 12, 1857</subfield></datafield><datafield ind1=" " ind2=" " tag="250"><subfield code="a">[Large ed.].</subfield></datafield><datafield ind1=" " ind2=" " tag="260"><subfield code="a">Cincinnati [Ohio] :</subfield><subfield code="b">Cincinnati Gazette Co.,</subfield><subfield code="c">1855-1883.</subfield></datafield><datafield ind1=" " ind2=" " tag="300"><subfield code="a">v.</subfield></datafield><datafield ind1=" " ind2=" " tag="310"><subfield code="a">Daily (except Sunday)</subfield></datafield><datafield ind1="0" ind2=" " tag="362"><subfield code="a">Vol. 64, no. 43 (Aug. 15, 1855)-v. 111, no. 3 (Jan. 3, 1883).</subfield></datafield><datafield ind1=" " ind2=" " tag="530"><subfield code="a">Also issued on microfilm from New York Public Library; Library of Congress, Photoduplication Service; and Readex.</subfield></datafield><datafield ind1=" " ind2=" " tag="580"><subfield code="a">Published simultaneously with the "dime ed.", which was issued in a smaller size and omitted the commercial and business features, &lt;1860&gt;-1883.</subfield></datafield><datafield ind1=" " ind2=" " tag="580"><subfield code="a">Weekly eds.: Liberty Hall &amp; Cincinnati gazette (Cincinnati, Ohio : 1815), 1855-1857, and: Cincinnati weekly gazette, 1857-1883.</subfield></datafield><datafield ind1=" " ind2=" " tag="580"><subfield code="a">Semiweekly ed.: Cincinnati semi-weekly gazette, 1865-&lt;1882&gt;.</subfield></datafield><datafield ind1=" " ind2=" " tag="580"><subfield code="a">Triweekly ed: Triweekly Cincinnati gazette (Cincinnati, Ohio : 1856), &lt;1856&gt;.</subfield></datafield><datafield ind1=" " ind2="0" tag="651"><subfield code="a">Cincinnati (Ohio)</subfield><subfield code="v">Newspapers.</subfield></datafield><datafield ind1=" " ind2="0" tag="651"><subfield code="a">Hamilton County (Ohio)</subfield><subfield code="v">Newspapers.</subfield></datafield><datafield ind1=" " ind2="7" tag="651"><subfield code="a">Ohio</subfield><subfield code="z">Cincinnati.</subfield><subfield code="2">fast</subfield><subfield code="0">(OCoLC)fst01205142</subfield></datafield><datafield ind1=" " ind2="7" tag="651"><subfield code="a">Ohio</subfield><subfield code="z">Hamilton County.</subfield><subfield code="2">fast</subfield><subfield code="0">(OCoLC)fst01205597</subfield></datafield><datafield ind1=" " ind2="7" tag="655"><subfield code="a">Newspapers.</subfield><subfield code="2">fast</subfield><subfield code="0">(OCoLC)fst01423814</subfield></datafield><datafield ind1=" " ind2=" " tag="752"><subfield code="a">United States</subfield><subfield code="b">Ohio</subfield><subfield code="c">Hamilton</subfield><subfield code="d">Cincinnati.</subfield></datafield><datafield ind1="1" ind2=" " tag="775"><subfield code="t">Cincinnati daily gazette (Cincinnati, Ohio : Dime ed.)</subfield><subfield code="w">(DLC)sn 84028718</subfield><subfield code="w">(OCoLC)11516411</subfield></datafield><datafield ind1="1" ind2=" " tag="775"><subfield code="t">Liberty Hall &amp; Cincinnati gazette (Cincinnati, Ohio : 1815)</subfield><subfield code="w">(DLC)sn 84024229</subfield><subfield code="w">(OCoLC)2263528</subfield></datafield><datafield ind1="1" ind2=" " tag="775"><subfield code="t">Cincinnati weekly gazette</subfield><subfield code="w">(DLC)sn 84024978</subfield><subfield code="w">(OCoLC)11342525</subfield></datafield><datafield ind1="1" ind2=" " tag="775"><subfield code="t">Cincinnati semi-weekly gazette</subfield><subfield code="w">(DLC)sn 84028719</subfield><subfield code="w">(OCoLC)11524628</subfield></datafield><datafield ind1="1" ind2=" " tag="775"><subfield code="t">Triweekly Cincinnati gazette (Cincinnati, Ohio : 1856)</subfield><subfield code="w">(DLC)sn 85027014</subfield><subfield code="w">(OCoLC)12883974</subfield></datafield><datafield ind1="0" ind2="8" tag="776"><subfield code="i">Online version:</subfield><subfield code="t">Cincinnati daily gazette (Cincinnati, Ohio : Large ed.)</subfield><subfield code="w">(OCoLC)892662365</subfield></datafield><datafield ind1="0" ind2="0" tag="780"><subfield code="t">Daily Cincinnati gazette (Cincinnati, Ohio : 1843)</subfield><subfield code="w">(DLC)sn 85042334</subfield><subfield code="w">(OCoLC)12200450</subfield></datafield><datafield ind1="0" ind2="7" tag="785"><subfield code="t">Cincinnati commercial</subfield><subfield code="w">(DLC)sn 83045779</subfield><subfield code="w">(OCoLC)1554722</subfield></datafield><datafield ind1="0" ind2="7" tag="785"><subfield code="t">Commercial gazette (Cincinnati, Ohio)</subfield><subfield code="w">(DLC)sn 88077412</subfield><subfield code="w">(OCoLC)17937755</subfield></datafield><datafield ind1=" " ind2=" " tag="938"><subfield code="a">Kirtas Technologies, Inc.</subfield><subfield code="b">KRTS</subfield><subfield code="n">733211</subfield></datafield><datafield ind1="1" ind2=" " tag="029"><subfield code="a">AU@</subfield><subfield code="b">000025818163</subfield></datafield></record>